@article{PhysRevLett116061102,
  title = {Observation of Gravitational Waves from a Binary Black Hole Merger},
  author = {B.P. Abbott et al. (LIGO Scientific Collaboration and Virgo Collaboration)},
  collaboration = {LIGO Scientific Collaboration and Virgo Collaboration},
  journal = {Phys. Rev. Lett.},
  volume = {116},
  issue = {6},
  pages = {061102},
  numpages = {16},
  year = {2016},
  month = {Feb},
  publisher = {American Physical Society},
  doi = {10.1103/PhysRevLett.116.061102},
  url = {https://link.aps.org/doi/10.1103/PhysRevLett.116.061102}
}

@article{Meijer_2024,
   title={Gravitational-wave searches for cosmic string cusps in Einstein Telescope data using deep learning},
   volume={109},
   ISSN={2470-0029},
   url={http://dx.doi.org/10.1103/PhysRevD.109.022006},
   DOI={10.1103/physrevd.109.022006},
   number={2},
   journal={Physical Review D},
   publisher={American Physical Society (APS)},
   author={Meijer, Quirijn and Lopez, Melissa and Tsuna, Daichi and Caudill, Sarah},
   year={2024},
   month=jan }

@misc{schmitz2024gravitationalwavescosmicstrings,
      title={Gravitational waves from cosmic strings for pedestrians}, 
      author={Kai Schmitz and Tobias Schröder},
      year={2024},
      eprint={2412.20907},
      archivePrefix={arXiv},
      primaryClass={astro-ph.CO},
      url={https://arxiv.org/abs/2412.20907}, 
}
@article{MairiSakellariadou,
  title={Cosmic Strings and Cosmic Superstrings},
  author={Mairi Sakellariadou},
  journal={Nuclear Physics B - Proceedings Supplements},
  volume={Volumes 192–193},
  year={2009},
  doi = {https://doi.org/10.1016/j.nuclphysbps.2009.07.046.},
  url = {https://www.sciencedirect.com/science/article/pii/S0920563209005544},
}

@article{PhysRevLett126241102,
  title = {Constraints on Cosmic Strings Using Data from the Third Advanced LIGO--Virgo Observing Run},
  author = {Abbott, R. et al},
  collaboration = {LIGO Scientific Collaboration, Virgo Collaboration, and KAGRA Collaboration},
  journal = {Phys. Rev. Lett.},
  volume = {126},
  issue = {24},
  pages = {241102},
  numpages = {19},
  year = {2021},
  month = {Jun},
  publisher = {American Physical Society},
  doi = {10.1103/PhysRevLett.126.241102},
  url = {https://link.aps.org/doi/10.1103/PhysRevLett.126.241102}
}
